<record><leader>00719nam a2200217 i 4500</leader><controlfield tag="001">011820983</controlfield><controlfield tag="003">MiAaHDL</controlfield><controlfield tag="005">20120509000000.0</controlfield><controlfield tag="006">m        d        </controlfield><controlfield tag="007">cr bn ---auaua</controlfield><controlfield tag="008">980218s1891    nyua          000 0 eng d</controlfield><datafield tag="035" ind1=" " ind2=" "><subfield code="a">sdr-inu1128480</subfield></datafield><datafield tag="035" ind1=" " ind2=" "><subfield code="a">(OCoLC)4242057</subfield></datafield><datafield tag="040" ind1=" " ind2=" "><subfield code="a">UUM</subfield><subfield code="c">UUM</subfield></datafield><datafield tag="050" ind1=" " ind2="4"><subfield code="a">HV4387</subfield><subfield code="b">.B66 1891</subfield></datafield><datafield tag="100" ind1="1" ind2=" "><subfield code="a">Booth, William,</subfield><subfield code="d">1829-1912.</subfield></datafield><datafield tag="245" ind1="1" ind2="0"><subfield code="a">In darkest England and the way out /</subfield><subfield code="c">by General Booth.</subfield></datafield><datafield tag="260" ind1=" " ind2=" "><subfield code="a">New York ;</subfield><subfield code="a">London :</subfield><subfield code="b">Funk and Wagnalls,</subfield><subfield code="c">1891.</subfield></datafield><datafield tag="300" ind1=" " ind2=" "><subfield code="a">285, xxxi p. :</subfield><subfield code="b">col. ill. ;</subfield><subfield code="c">22 cm.</subfield></datafield><datafield tag="538" ind1=" " ind2=" "><subfield code="a">Mode of access: Internet.</subfield></datafield><datafield tag="610" ind1="2" ind2="0"><subfield code="a">Salvation Army</subfield><subfield code="z">Great Britain.</subfield></datafield><datafield tag="650" ind1=" " ind2="0"><subfield code="a">Unemployed</subfield><subfield code="z">Great Britain.</subfield></datafield><datafield tag="650" ind1=" " ind2="0"><subfield code="a">Agricultural colonies</subfield><subfield code="z">Great Britain.</subfield></datafield><datafield tag="650" ind1=" " ind2="0"><subfield code="a">Poor</subfield><subfield code="z">Great Britain.</subfield></datafield><datafield tag="CID" ind1=" " ind2=" "><subfield code="a">011820983</subfield></datafield><datafield tag="DAT" ind1="0" ind2=" "><subfield code="a">20120509125722.0</subfield><subfield code="b">20120509000000.0</subfield></datafield><datafield tag="DAT" ind1="1" ind2=" "><subfield code="a">20121024000419.0</subfield><subfield code="b">2022-04-02T17:35:08Z</subfield></datafield><datafield tag="DAT" ind1="2" ind2=" "><subfield code="a">2022-04-02T17:30:02Z</subfield></datafield><datafield tag="CAT" ind1=" " ind2=" "><subfield code="a">SDR-INU</subfield><subfield code="d">UNKNOWN</subfield><subfield code="l">loader.pl-002-001</subfield></datafield><datafield tag="FMT" ind1=" " ind2=" "><subfield code="a">BK</subfield></datafield><datafield tag="HOL" ind1=" " ind2=" "><subfield code="0">sdr-inu1128480</subfield><subfield code="a">inu</subfield><subfield code="b">SDR</subfield><subfield code="c">INU</subfield><subfield code="p">inu.32000001027186</subfield><subfield code="s">INU</subfield><subfield code="1">1128480</subfield></datafield><datafield tag="974" ind1=" " ind2=" "><subfield code="b">INU</subfield><subfield code="c">INU</subfield><subfield code="d">20220402</subfield><subfield code="s">google</subfield><subfield code="u">inu.32000001027186</subfield><subfield code="y">1891</subfield><subfield code="r">pd</subfield><subfield code="q">bib</subfield><subfield code="t">US bib date1 &lt; 1927</subfield></datafield></record>